@Misc{citation0,
	Title  = "\emph{NUS School of Computing's Orbital Programme}",
	Note   = "\url{http://orbital.comp.nus.edu.sg/}
	[Accessed: 2015-11-03]",
	year = 2015
}

@Misc{citation1,
	Author = "Peter Argent",
	Title  = "\emph{Top 15 sites built with Ruby on Rails [@CoderFactory Blog]}",
	Note   = "\url{https://coderfactory.com/posts/top-15-sites-built-with-ruby-on-rails}
	[Accessed: 2015-11-01]",
	year = 2014
}

@Misc{citation2,
	Author = "David Bolton",
	Title  = "\emph{Why I Choose PostgreSQL Over MySQL/MariaDB}",
	Note   = "\url{http://insights.dice.com/2015/03/19/why-i-choose-postgresql-over-mysqlmariadb/}
	[Accessed: 2015-11-01]",
	year = 2015
}

@Misc{citationACID,
	Author = "Margaret Rouse",
	Title  = "\emph{ACID (atomicity, consistency, isolation, and durability) definition}",
	Note   = "\url{http://searchsqlserver.techtarget.com/definition/ACID}
	[Accessed: 2015-11-05]",
	year = 2015
}

@Misc{citation3,
	Author = "Alan Moore",
	Title  = "\emph{FIVE REASONS WHY I CHOOSE POSTGRESQL}",
	Note   = "\url{http://www.alandmoore.com/blog/2013/02/28/five-reasons-why-i-choose-postgresql/}
	[Accessed: 2015-11-01]",
	year = 2013
}

@Misc{citation4,
	Title  = "\emph{A Modern, Concurrent Web Server for Ruby - Puma}",
	Note   = "\url{http://puma.io/}
	[Accessed: 2015-11-01]",
	year = 2015
}

@Misc{citation5,
	Author = "Engine Yard",
	Title  = "\emph{Rails Server Throwdown: Passenger, Unicorn or Puma?}",
	Note   = "\url{https://www.engineyard.com/articles/rails-server}
	[Accessed: 2015-11-01]",
	year = 2015
}

@Misc{citation6,
	Author = "Justin Ellingwood",
	Title  = "\emph{Apache vs Nginx: Practical Considerations}",
	Note   = "\url{https://www.digitalocean.com/community/tutorials/apache-vs-nginx-practical-considerations}
	[Accessed: 2015-11-01]",
	year = 2015
}

@Misc{citation7,
	Title  = "\emph{APACHE VS NGINX {PERFORMANCE COMPARISON}}",
	Note   = "\url{http://www.theorganicagency.com/apache-vs-nginx-performance-comparison/}
	[Accessed: 2015-11-01]",
	year = 2013
}

@Misc{citationMVC,
	Title  = "\emph{Ruby On Rails Tutorial: Model View Controller (MVC)}",
	Note   = "\url{http://www.bogotobogo.com/RubyOnRails/RubyOnRails_Model_View_Controller_MVC.php}
	[Accessed: 2015-11-03]",
	year = 2015
}

@Misc{citationERSource,
	Title  = "\emph{nusskylab/Skylab\_ER.png}",
	Note   = "\url{https://github.com/nusskylab/nusskylab/blob/master/docs/2015_2016_Sem1_Report/Images/Skylab_ER.png}
	[Accessed: 2015-11-10]",
	year = 2015
}

@Misc{citation8,
	Author = "Nicolas Carlo",
	Title  = "\emph{Which git workflow for my project?}",
	Note   = "\url{http://nicoespeon.com/en/2013/08/which-git-workflow-for-my-project/}
	[Accessed: 2015-11-01]",
	year = 2013
}

@Misc{citation9,
	Author = "Scott Chacon",
	Title  = "\emph{GitHub Flow}",
	Note   = "\url{http://scottchacon.com/2011/08/31/github-flow.html}
	[Accessed: 2015-11-01]",
	year = 2011
}

@Misc{citation10,
	Title  = "\emph{TinyMCE 4.2}",
	Note   = "\url{http://www.tinymce.com/presentation/#/}
	[Accessed: 2015-11-02]",
	year = 2015
}

@Misc{citation11,
	Title  = "\emph{Ruby on Rails Security Guide}",
	Note   = "\url{http://guides.rubyonrails.org/security.html}
	[Accessed: 2015-11-02]",
	year = 2015
}

@Misc{citation12,
	Title  = "\emph{plataformatec/devise}",
	Note   = "\url{https://github.com/plataformatec/devise}
	[Accessed: 2015-11-02]",
	year = 2015
}

@Misc{citation13,
	Title  = "\emph{plataformatec/devise Â» master}",
	Note   = "\url{https://hakiri.io/github/plataformatec/devise/master}
	[Accessed: 2015-11-02]",
	year = 2015
}

@Misc{citation14,
	Title  = "\emph{Developers' Resources}",
	Note   = "\url{https://openid.nus.edu.sg/about/developers}
	[Accessed: 2015-11-02]",
	year = 2015
}

@Misc{citation15,
	Author = "Monica Patrick",
	Title  = "\emph{The Purpose of Focus Group Meetings}",
	Note   = "\url{http://smallbusiness.chron.com/purpose-focus-group-meetings-20703.html}
	[Accessed: 2015-11-02]",
	year = 2015
}
